<?xml version="1.0" encoding="UTF-8"?><collection xmlns="http://www.loc.gov/MARC21/slim"><record><leader>00471nam--2200145-i-4500</leader><controlfield tag="001">000036476</controlfield><controlfield tag="002">20161230</controlfield><controlfield tag="005">20161230201040</controlfield><controlfield tag="008">060222s1000------------r-----000-0-eng-d</controlfield><datafield ind1=" " ind2=" " tag="080"><subfield code="a">519.271:621.395</subfield></datafield><datafield ind1=" " ind2=" " tag="100"><subfield code="a">Pollaczek, Felix</subfield></datafield><datafield ind1=" " ind2=" " tag="245"><subfield code="a">Theorie analytique des problems stochastiques relativ a un groupe de lignes telefoniques avec dispositif d`attente</subfield></datafield><datafield ind1=" " ind2=" " tag="260"><subfield code="a">Paris, Gauthier-villars, 1961. 114p</subfield></datafield><datafield ind1=" " ind2=" " tag="490"><subfield code="a">Memorial Des Sciences Mathematiques</subfield></datafield><datafield ind1=" " ind2=" " tag="852"><subfield code="a">17773</subfield></datafield></record></collection>